@article{dorr_2013,
  title = {Peri-Saccadic Natural Vision},
  volume = {33},
  language = {en},
  number = {3},
  journal = {Journal of Neuroscience},
  author = {Dorr, M. and Bex, P. J.},
  month = jan,
  year = {2013},
  keywords = {oculotrain\_orientation\_paper},
  pages = {1211--1217}
}

@article{ergun_2003,
  title = {Scotoma Size and Reading Speed in Patients with Subfoveal Occult Choroidal Neovascularization in Age-related Macular Degeneration},
  volume = {110},
  journal = {Ophthalmology},
  author = {Ergun, Edem and Maar, NoÃ©mi and Radner, Wolfgang and Barbazetto, Irene and Schmidt-Erfurth, Ursula and Stur, Michael},
  year = {2003},
  keywords = {oculotrain\_orientation\_paper, scotoma},
  pages = {65--69}
}

@article{greenstein_2008,
  title = {Prefered Retinal Locus in Macular Disease: characteristics and Clinical Implications},
  volume = {28},
  language = {en},
  number = {9},
  journal = {Retina},
  author = {Greenstein, Vivienne C. and Santos, Rodrigo A. V. and Tsang, Stephen H. and Smith, R Theodore and Barile, Gaetano R. and Seiple, William},
  year = {2008},
  keywords = {oculotrain\_orientation\_paper},
  pages = {1234--1240}
}

@article{karim_2010,
  title = {The what and why of perceptual aymmetries in the visual domain},
  volume = {6},
  number = {1},
  journal = {Advances in Cognitive Psychology},
  author = {Karim, A. K. M. Rezaul and Kojima, Haruyuki},
  year = {2010},
  keywords = {oculotrain\_orientation\_paper},
  pages = {103--115}
}

@article{kwon_2013,
  title = {Rapid and Persistent Adaptability of Human Oculomotor Control in Response to Simulated Central Vision Loss},
  volume = {23},
  language = {en},
  number = {17},
  journal = {Current Biology},
  author = {Kwon, MiYoung and Nandy, Anirvan S. and Tjan, Bosco S.},
  year = {2013},
  keywords = {oculotrain\_orientation\_paper},
  pages = {1663--1669}
}

@article{lakha_2005,
  title = {Lower visual field advantage for motion segmentation during high competition for selection},
  volume = {18},
  number = {4},
  journal = {Spatial Vision},
  author = {Lakha, Louise and Humphreys, Glyn},
  year = {2005},
  keywords = {oculotrain\_orientation\_paper},
  pages = {447--460}
}

@article{legge_2002,
  title = {Mr. Chips 2002: New insights from an ideal-observer model of reading},
  volume = {42},
  number = {18},
  urldate = {2015-03-17},
  journal = {Vision Research},
  author = {Legge, Gordon E. and Hooven, Thomas A. and Klitz, Timothy S. and Mansfield, J. Stephen and Tjan, Bosco S.},
  year = {2002},
  keywords = {oculotrain\_orientation\_paper},
  pages = {2219--2234}
}

@article{levine_2005,
  title = {The relative capabilities of the upper and lower visual hemifields},
  volume = {45},
  language = {en},
  number = {21},
  journal = {Vision Research},
  author = {Levine, Michael W. and McAnany, J. Jason},
  year = {2005},
  keywords = {oculotrain\_orientation\_paper},
  pages = {2820--2830}
}

@article{mcilreavy_2012,
  title = {Impact of simulated central scotomas on visual search in natural scenes:},
  volume = {89},
  language = {en},
  number = {9},
  journal = {Optometry and Vision Science},
  author = {McIlreavy, Lee and Fiser, Jozsef and Bex, Peter J.},
  year = {2012},
  keywords = {oculotrain\_orientation\_paper},
  pages = {1385--1394}
}

@article{reichle_2003,
  title = {The {EZ} {Reader} model of eye-movement control in reading: comparisons to other models},
  volume = {26},
  number = {04},
  journal = {Behavioral and Brain Sciences},
  author = {Reichle, Erik D. and Rayner, Keith and Pollatsek, Alexander},
  year = {2003},
  keywords = {oculotrain\_orientation\_paper},
  pages = {445--476}
}

@article{rezec_2004,
  title = {Attentional weighting: A possible account of visual field asymmetries in visual search?},
  volume = {17},
  number = {4},
  journal = {Spatial Vision},
  author = {Rezec, Amy A. and Dobkins, Karen R.},
  year = {2004},
  keywords = {oculotrain\_orientation\_paper},
  pages = {269--293}
}

@article{legge_1985,
  title = {Psychophysics of Reading-II: Low vision},
    volume = {25},
    number = {2},
  author = {Legge, Gordon E. and Rubin, Gary S. and Pelli, Denis G. and Schleske, Mary M.},
    journal = {Vision Research},
  year = {1985},
  keywords = {oculotrain\_orientation\_paper},
    pages = {253--265}
}

@article{thomas_2011,
  title = {Upper and lower visual field differences in perceptual asymmetries},
  volume = {1387},
  journal = {Brain Research},
  author = {Thomas, Nicole A. and Elias, Lorin J.},
  year = {2011},
  keywords = {oculotrain\_orientation\_paper},
  pages = {108--115}
}

@article{varsori_2004,
  title = {Development of a viewing strategy during adaptation to an artificial central scotoma},
  volume = {44},
  language = {en},
  number = {23},
  journal = {Vision Research},
  author = {Varsori, Michael and Perez-Fornos, Angelica and Safran, Avinoam B. and Whatham, Andrew R.},
  year = {2004},
  keywords = {oculotrain\_orientation\_paper},
  pages = {2691--2705}
}

@article{ciuffreda_1976,
  title = {Eye movements during reading: case reports.},
  volume = {53},
  number = {8},
  journal = {American Journal of Optometry \& Physiological Optics},
  author = {Ciuffreda, Kenneth J. and Bahill, Terry A. and Kenyon, Robert V. and Stark, Lawrence},
  year = {1976},
  keywords = {oculotrain\_orientation\_paper},
  pages = {389--395}
}

@article{ciuffreda_1985,
  title = {Eye movements during reading: further case reports},
  volume = {62},
  number = {12},
  journal = {American Journal of Optometry \& Physiological Optics},
  author = {Ciuffreda, Kenneth J. and Kenyon, Robert V. and Stark, Lawrence},
  year = {1985},
  keywords = {oculotrain\_orientation\_paper},
  pages = {844--852}
}

@article{solan_1995,
  title = {Developing visual and reading efficiency in older adults},
  volume = {72},
  number = {2},
  journal = {Optometry and Vision Science},
  author = {Solan, Harold A. and Feldman, Jerome and Tujak, Laura},
    year = {1995},
  keywords = {oculotrain\_orientation\_paper},
  pages = {139--145}
}

@article{whittaker_1991,
  title={Saccade control without a fovea},
  author={Whittaker, Stephen G and Cummings, Roger W and Swieson, Lisa R},
  journal={Vision Research},
  volume={31},
  number={12},
  pages={2209--2218},
  year={1991},
  publisher={Elsevier}
}

@article{timberlake_1986,
  title={Reading with a macular scotoma. {I.} {R}etinal location of scotoma and fixation area.},
  author={Timberlake, George T and Mainster, Martin A and Peli, Eli and Augliere, Reed A and Essock, Edward A and Arend, Lawrence E},
  journal={Investigative ophthalmology \& visual science},
  volume={27},
  number={7},
  pages={1137--1147},
  year={1986}
}

@article{schuchard_2005,
  title={Preferred retinal loci and macular scotoma characteristics in patients with age-related macular degeneration},
  author={Schuchard, Ronald A},
  journal={Canadian Journal of Ophthalmology/Journal Canadien d'Ophtalmologie},
  volume={40},
  number={3},
  pages={303--312},
  year={2005},
  publisher={Elsevier}
}

@article{watson_2006,
  title={Effects of preferred retinal locus placement on text navigation and development of advantageous trained retinal locus},
  author={Watson, Gale R and Schuchard, Ronald A and De l Aune, William R and Watkins, Erica},
  journal={Journal of rehabilitation research and development},
  volume={43},
  number={6},
  pages={761},
  year={2006},
  publisher={REHABILITATION RESEARCH \& DEVELOPMENT SERVICE}
}

@article{palmer_2010,
  title={Effective rehabilitation of reading by training in the technique of eccentric viewing: evaluation of a 4-year programme of service delivery},
  author={Palmer, Shelagh and Logan, David and Nabili, Shahriar and Dutton, Gordon N},
  journal={British Journal of Ophthalmology},
  volume={94},
  number={4},
  pages={494--497},
  year={2010},
  publisher={BMJ Publishing Group Ltd.}
}

@article{vonnoorden_1962,
  title={Phenomenology of eccentric fixation},
  author={Von Noorden, Gunter K and Mackensen, G{\"u}nter},
  journal={American Journal of Ophthalmology},
  volume={53},
  number={4},
  pages={642--661},
  year={1962},
  publisher={Elsevier}
}

@article{fletcher_1997,
  title="Preferred retinal loci relationship to macular scotomas in a low-vision population",
  author="Fletcher, Donald C and Schuchard, Ronald A",
  journal="Ophthalmology",
  volume=104,
  number=4,
  pages=632--638,
  year={1997},
  publisher="Elsevier",
}

@article{whittaker_1988,
  title={Eccentric fixation with macular scotoma.},
  author={Whittaker, SG and Budd, J and Cummings, RW},
  journal={Investigative ophthalmology \& visual science},
  volume={29},
  number={2},
  pages={268--278},
  year={1988}
}

@article{nilsson_1998,
  title={Location and stability of a newly established eccentric retinal locus suitable for reading, achieved through training of patients with a dense central scotoma.},
  author={Nilsson, Ulla L and Frennesson, Christina and Nilsson, Sven Erik G},
  journal={Optometry \& Vision Science},
  volume={75},
  number={12},
  pages={873--878},
  year={1998},
  publisher={LWW}
}

@article{white_1990,
  title={The oculomotor reference in humans with bilateral macular disease.},
  author={White, JM and Bedell, HE},
  journal={Investigative ophthalmology \& visual science},
  volume={31},
  number={6},
  pages={1149--1161},
  year={1990}
}

@article{schuchard_2005,
  title={Preferred retinal loci and macular scotoma characteristics in patients with age-related macular degeneration},
  author={Schuchard, Ronald A},
  journal={Canadian Journal of Ophthalmology/Journal Canadien d'Ophtalmologie},
  volume={40},
  number={3},
  pages={303--312},
  year={2005},
  publisher={Elsevier}
}

@article{crossland_2004,
  title={Fixation stability and reading speed in patients with newly developed macular disease},
  author={Crossland, Michael D and Culham, Louise E and Rubin, Gary S},
  journal={Ophthalmic and Physiological Optics},
  volume={24},
  number={4},
  pages={327--333},
  year={2004},
  publisher={Wiley Online Library}
}


@article{seiple_2005,
  title={Eye-movement training for reading in patients with age-related macular degeneration},
  author={Seiple, William and Szlyk, Janet P and McMahon, Timothy and Pulido, Jose and Fishman, Gerald A},
  journal={Investigative Ophthalmology \& Visual Science},
  volume={46},
  number={8},
  pages={2886--2896},
  year={2005},
  publisher={The Association for Research in Vision and Ophthalmology}
}

@article{carrasco_2001,
  title={Characterizing visual performance fields: Effects of transient covert attention, spatial frequency, eccentricity, task and set size},
  author={Carrasco, Marisa and Talgar, Cigdem P and Cameron, E Leslie},
  journal={Spatial vision},
  volume={15},
  number={1},
  pages={61--75},
  year={2001},
  publisher={Brill}
}

@book{skrandies_1987,
  title={The upper and lower visual field of man: Electrophysiological and functional differences},
  author={Skrandies, Wolfgang},
  year={1987},
  publisher={Springer}
}

@article{edwards_1993,
  title={Asymmetries in the sensitivity to motion in depth: A centripetal bias},
  author={Edwards, Mark and Badcock, David R},
  journal={Perception},
  volume={22},
  pages={1013--1013},
  year={1993},
  publisher={Pion Ltd}
}

@article{he_1996,
  title={Attentional resolution and the locus of visual awareness},
  author={He, Sheng and Cavanagh, Patrick and Intriligator, James},
  journal={Nature},
  volume={383},
  number={6598},
  pages={334--337},
  year={1996},
  publisher={Nature Publishing Group}
}

@article{bullimore_1995,
  title={Reading and eye movements in age-related maculopathy.},
  author={Bullimore, Mark A and Bailey, Ian L},
  journal={Optometry \& Vision Science},
  volume={72},
  number={2},
  pages={125--138},
  year={1995},
  publisher={LWW}
}

@article{mcmahon_1993,
  title={Saccadic eye movements as a measure of the effect of low vision rehabilitation on reading rate.},
  author={Mcmahon, Timothy T and Hansen, Mitchel and Stelmack, Joan and Oliver, Ram and Viana, Marlos AG},
  journal={Optometry \& Vision Science},
  volume={70},
  number={6},
  pages={506--510},
  year={1993},
  publisher={LWW}
}

@article{mcmahon_1991,
  title={Fixation characteristics in macular disease. {R}elationship between saccadic frequency, sequencing, and reading rate.},
  author={McMahon, TT and Hansen, Mitchel and Viana, Marlos},
  journal={Investigative ophthalmology \& visual science},
  volume={32},
  number={3},
  pages={567--574},
  year={1991}
}

@article{bowers_1997,
  title={Eye movements and reading with simulated visual impairment},
  author={Bowers, AR and Reid, VM},
  journal={Ophthalmic and Physiological Optics},
  volume={17},
  number={5},
  pages={392--402},
  year={1997},
  publisher={Wiley Online Library}
}

@article{solan_1995,
  title={Developing visual and reading efficiency in older adults.},
  author={Solan, Harold A and Feldman, Jerome and Tujak, Laura},
  journal={Optometry \& Vision Science},
  volume={72},
  number={2},
  pages={139--145},
  year={1995},
  publisher={LWW}
}

@article{brainard_1997,
  title={The psychophysics toolbox},
  author={Brainard, David H},
  journal={Spatial vision},
  volume={10},
  pages={433--436},
  year={1997},
  publisher={VSP}
}

@article{cornelissen_2002,
  title={The Eyelink Toolbox: eye tracking with MATLAB and the Psychophysics Toolbox},
  author={Cornelissen, Frans W and Peters, Enno M and Palmer, John},
  journal={Behavior Research Methods, Instruments, \& Computers},
  volume={34},
  number={4},
  pages={613--617},
  year={2002},
  publisher={Springer}
}

@article{mcmahon_1991,
  title={Fixation characteristics in macular disease. Relationship between saccadic frequency, sequencing, and reading rate.},
  author={McMahon, TT and Hansen, Mitchel and Viana, Marlos},
  journal={Investigative ophthalmology \& visual science},
  volume={32},
  number={3},
  pages={567--574},
  year={1991}
}

@article{falkenberg_2007,
  title={Acuity, crowding, reading and fixation stability},
  author={Falkenberg, Helle K and Rubin, Gary S and Bex, Peter J},
  journal={Vision Research},
  volume={47},
  number={1},
  pages={126--135},
  year={2007},
  publisher={Elsevier}
}

@article{wiecek_2015,
  title={Binocular Microperimetry with Simulated Asymmetric Bilateral Scotomas},
  author={Wiecek, Emily K and Jackson, Mary Lou and Bex, Peter J},
  journal={Investigative Ophthalmology \& Visual Science},
  volume={56},
  number={7},
  pages={549--549},
  year={2015},
  publisher={The Association for Research in Vision and Ophthalmology}
}

@article{aguilar_2011,
  title={Gaze-contingent simulation of retinopathy: Some potential pitfalls and remedies},
  author={Aguilar, Carlos and Castet, Eric},
  journal={Vision research},
  volume={51},
  number={9},
  pages={997--1012},
  year={2011},
  publisher={Elsevier}
}

@article{walsh_2014,
  title={Adaptation to a simulated central scotoma during visual search training},
  author={Walsh, David V and Liu, Lei},
  journal={Vision research},
  volume={96},
  pages={75--86},
  year={2014},
  publisher={Elsevier}
}

% Optional fields: volume, number, pages, month, note
@ARTICLE{altpeter_2000,
  author = {Alpeter, E and MacKeben, M and Trauzettel-Klosinski, S},
  title = {The importance of sustained attention for patients with maculopathies},
  journal = {Vision research},
  year = {2000},
  volume = {40},
  number = {10-12},
  pages = {1539-1547}
}

% Optional fields: volume, number, pages, month, note
@ARTICLE{eisenbarth_2008,
  author = {Eisenbarth, W and MacKeben, M and Poggel, DA and Strasburger, H},
  title = {Characteristics of dynamic processing in the visual field of patients with age-related maculopathy},
  journal = {Graefe's Archives of Clinical Ophthalmology},
  year = {2008}
}

% Optional fields: volume, number, pages, month, note
@ARTICLE{mcconkie_1975,
  author = {McConkie, GW and Rayner, K},
  title = {The span of the effective stimulus during a fixation in reading.},
  journal = {Perception \& Psychophysics},
  year = {1976},
  volume = {17},
  pages  = {365-368}
}

% Optional fields: volume, number, pages, month, note
@ARTICLE{mcconkie_1976,
  author = {McConkie, GW and Rayner, K},
  title = {Asymmetry of the perceptual span in reading},
  journal = {Bulletin of the Psychonomic Society},
  year = {1976},
  volume = {8},
  pages  = {365-368}
}

% Optional fields: volume, number, pages, month, note
@ARTICLE{mackeben_1999,
  author = {MacKeben, M},
  title = {Sustained focal attention and peripheral letter recognition},
  journal = {Spatial Vision},
  year = {1999},
  volume = {12},
  issue = {1},
  pages = {51-71}
}

@article{crossland_2004b,
  title={Evaluation of a new quantitative technique to assess the number and extent of preferred retinal loci in macular disease},
  author={Crossland, MD and Sims, Michelle and Galbraith, RF and Rubin, GS},
  journal={Vision research},
  volume={44},
  number={13},
  pages={1537--1546},
  year={2004},
  publisher={Elsevier}
}

@article{mandelcorn_2013,
  title={Fixation stability as a goal in the treatment of macular disease},
  author={Mandelcorn, Mark S and Podbielski, Dominik W and Mandelcorn, Efrem D},
  journal={Canadian Journal of Ophthalmology/Journal Canadien d'Ophtalmologie},
  volume={48},
  number={5},
  pages={364--367},
  year={2013},
  publisher={Elsevier}
}

@article{hall_2001,
  title={Eccentric viewing training in macular degeneration using auditory ocular motor biofeedback},
  author={Hall, EC and Ciuffreda, KJ},
  journal={Journal of Behavioral Optometry},
  volume={12},
  number={4},
  pages={87--93},
  year={2001}
}

@article{pusswald_2013,
  title={Coupling Acoustic Feedback to Eye Movements to Reduce Spatial Neglect},
  author={Pusswald, Gisela and Steinhoff, Nikolaus and M{\"u}ller, Christian},
  journal={Topics in stroke rehabilitation},
  volume={20},
  number={3},
  pages={262--269},
  year={2013},
  publisher={Taylor \& Francis}
}

@article{tarita_2009,
  title={Plasticity of fixation in patients with central vision loss},
  author={Tarita-Nistor, Luminita and Gonz{\'a}lez, Esther G and Markowitz, Samuel N and Steinbach, Martin J},
  journal={Visual neuroscience},
  volume={26},
  number={5-6},
  pages={487--494},
  year={2009},
  publisher={Cambridge Univ Press}
}

@article{vingolo_2007,
  title={Microperimetric biofeedback in {AMD} patients},
  author={Vingolo, Enzo M and Cavarretta, Sonia and Domanico, Daniela and Parisi, Francesca and Malagola, Romualdo},
  journal={Applied psychophysiology and biofeedback},
  volume={32},
  number={3-4},
  pages={185--189},
  year={2007},
  publisher={Springer}
}

@article{contestabile_2002,
  title={A new method of biofeedback in the management of low vision},
  author={Contestabile, MT and Recupero, SM and Palladino, D and De Stefanis, M and Abdolrahimzadeh, S and Suppressa, F and Gabrieli, C Balacco},
  journal={Eye},
  volume={16},
  number={4},
  pages={472--480},
  year={2002},
  publisher={Nature Publishing Group}
}

@article{castet_2012,
  title={Quantifying eye stability during a fixation task: A review of definitions and methods},
  author={Castet, Eric and Crossland, Michael},
  journal={Seeing and Perceiving},
  volume={25},
  number={5},
  pages={449--469},
  year={2012},
  publisher={Brill}
}

@misc{hlavac_2015,
  title={stargazer: Well-formatted regression and summary statistics tables [Computer software manual]},
  author={Hlavac, M},
  year={2015}
}

@article{vignolo_2007,
  title={Microperimetric biofeedback in AMD patients},
  author={Vingolo, Enzo M and Cavarretta, Sonia and Domanico, Daniela and Parisi, Francesca and Malagola, Romualdo},
  journal={Applied psychophysiology and biofeedback},
  volume={32},
  number={3-4},
  pages={185--189},
  year={2007},
  publisher={Springer}
}

@article{pusswald_2013,
  title={Coupling Acoustic Feedback to Eye Movements to Reduce Spatial Neglect},
  author={Pusswald, Gisela and Steinhoff, Nikolaus and M{\"u}ller, Christian},
  journal={Topics in stroke rehabilitation},
  volume={20},
  number={3},
  pages={262--269},
  year={2013},
  publisher={Taylor \& Francis}
}

@article{contestabile_2002,
  title={A new method of biofeedback in the management of low vision},
  author={Contestabile, MT and Recupero, SM and Palladino, D and De Stefanis, M and Abdolrahimzadeh, S and Suppressa, F and Gabrieli, C Balacco},
  journal={Eye},
  volume={16},
  number={4},
  pages={472--480},
  year={2002},
  publisher={Nature Publishing Group}
}

@article{whittaker_1988,
  title={Eccentric fixation with macular scotoma.},
  author={Whittaker, Stephen G and Budd, James and Cummings, RW},
  journal={Investigative ophthalmology \& visual science},
  volume={29},
  number={2},
  pages={268--278},
  year={1988},
  publisher={The Association for Research in Vision and Ophthalmology}
}

@article{cummings_1985,
  title={Scanning characters and reading with a central scotoma.},
  author={CUMMINGS, ROGER W and WHITTAKER, STEPHEN G and WATSON, GALE R and BUDD, JAMES M},
  journal={Optometry \& Vision Science},
  volume={62},
  number={12},
  pages={833--843},
  year={1985},
  publisher={LWW}
}

@article{timberlake_1986,
  title={Reading with a macular scotoma. I. Retinal location of scotoma and fixation area.},
  author={Timberlake, George T and Mainster, Martin A and Peli, Eli and Augliere, Reed A and Essock, Edward A and Arend, Lawrence E},
  journal={Investigative ophthalmology \& visual science},
  volume={27},
  number={7},
  pages={1137--1147},
  year={1986},
  publisher={The Association for Research in Vision and Ophthalmology}
}

@article{crossland_2011,
  title={The preferred retinal locus in macular disease: toward a consensus definition},
  author={Crossland, Michael D and Engel, Stephen A and Legge, Gordon E},
  journal={Retina},
  volume={31},
  number={10},
  pages={2109--2114},
  year={2011},
  publisher={LWW}
}

@article{deruaz_2004,
  title={Can fixation instability improve text perception during eccentric fixation in patients with central scotomas?},
  author={Deruaz, A and Matter, M and Whatham, AR and Goldschmidt, M and Duret, F and Issenhuth, M and Safran, AB},
  journal={British Journal of Ophthalmology},
  volume={88},
  number={4},
  pages={461--463},
  year={2004},
  publisher={BMJ Publishing Group Ltd.}
}

@article{watson_2012,
  title={Image Jitter Enhances Visual Performance when Spatial Resolution Is Impaired},
  author={Watson, Lynne M and Strang, Niall C and Scobie, Fraser and Love, Gordon D and Seidel, Dirk and Manahilov, Velitchko},
  journal={Investigative ophthalmology \& visual science},
  volume={53},
  number={10},
  pages={6004--6010},
  year={2012},
  publisher={The Association for Research in Vision and Ophthalmology}
}
